<record><leader>00000cas a22000007a 4500</leader><controlfield tag="001">14283713</controlfield><controlfield tag="008">860930d19051964inudn ne      0    0eng d</controlfield><datafield ind1=" " ind2=" " tag="010"><subfield code="a">sn 86058829 </subfield></datafield><datafield ind1=" " ind2=" " tag="040"><subfield code="a">NPI</subfield><subfield code="b">eng</subfield><subfield code="c">NPI</subfield><subfield code="d">OCLCQ</subfield></datafield><datafield ind1=" " ind2=" " tag="042"><subfield code="a">msc</subfield></datafield><datafield ind1="0" ind2=" " tag="130"><subfield code="a">Washington herald (Washington, Ind. : 1905)</subfield></datafield><datafield ind1="1" ind2="4" tag="245"><subfield code="a">The Washington herald.</subfield></datafield><datafield ind1=" " ind2=" " tag="260"><subfield code="a">Washington, Ind. :</subfield><subfield code="b">[s.n.,</subfield><subfield code="c">-1964.]</subfield></datafield><datafield ind1=" " ind2=" " tag="310"><subfield code="a">Daily (except Sun.)</subfield></datafield><datafield ind1="0" ind2=" " tag="362"><subfield code="a">-v. 59, no. 168 (May 29, 1964).</subfield></datafield><datafield ind1=" " ind2=" " tag="500"><subfield code="a">"Serving Daviess, Martin and Pike counties."</subfield></datafield><datafield ind1=" " ind2=" " tag="588"><subfield code="a">Description based on: Feb. 8, 1910.</subfield></datafield><datafield ind1=" " ind2=" " tag="752"><subfield code="a">United States</subfield><subfield code="b">Indiana</subfield><subfield code="c">Daviess</subfield><subfield code="d">Washington.</subfield></datafield><datafield ind1=" " ind2=" " tag="752"><subfield code="a">United States</subfield><subfield code="b">Indiana</subfield><subfield code="c">Martin.</subfield></datafield><datafield ind1=" " ind2=" " tag="752"><subfield code="a">United States</subfield><subfield code="b">Indiana</subfield><subfield code="c">Pike.</subfield></datafield><datafield ind1="0" ind2="0" tag="780"><subfield code="t">Gazette and herald (Washington, Ind. : Daily)</subfield></datafield><datafield ind1="0" ind2="7" tag="785"><subfield code="t">Washington daily times (Washington, Ind.)</subfield><subfield code="w">(DLC)sn 85047535</subfield><subfield code="w">(OCoLC)11891019</subfield></datafield><datafield ind1="0" ind2="7" tag="785"><subfield code="t">Washington times-herald (Washington, Ind.)</subfield><subfield code="w">(DLC)sn 85047536</subfield><subfield code="w">(OCoLC)11891070</subfield></datafield></record>